<record><leader>00000cas a22000007a 4500</leader><controlfield tag="001">13757101</controlfield><controlfield tag="008">860620d1844184uohuwr ne      0    0eng d</controlfield><datafield ind1=" " ind2=" " tag="010"><subfield code="a">sn 86092556 </subfield></datafield><datafield ind1=" " ind2=" " tag="040"><subfield code="a">WVC</subfield><subfield code="b">eng</subfield><subfield code="c">WVC</subfield><subfield code="d">ONP</subfield><subfield code="d">OCLCQ</subfield></datafield><datafield ind1=" " ind2=" " tag="042"><subfield code="a">msc</subfield></datafield><datafield ind1="0" ind2=" " tag="130"><subfield code="a">Steubenville herald (Steubenville, Ohio : 1844)</subfield></datafield><datafield ind1="1" ind2="4" tag="245"><subfield code="a">The Steubenville herald.</subfield></datafield><datafield ind1=" " ind2=" " tag="260"><subfield code="a">Steubenville, Ohio :</subfield><subfield code="b">Robert C. Wilson</subfield></datafield><datafield ind1=" " ind2=" " tag="300"><subfield code="a">v.</subfield></datafield><datafield ind1=" " ind2=" " tag="310"><subfield code="a">Weekly</subfield></datafield><datafield ind1="1" ind2=" " tag="362"><subfield code="a">Began in Feb. 1844.</subfield></datafield><datafield ind1=" " ind2=" " tag="588"><subfield code="a">Description based on: Vol. 37, no. 43 (Oct. 24, 1844).</subfield></datafield><datafield ind1=" " ind2=" " tag="752"><subfield code="a">United States</subfield><subfield code="b">Ohio</subfield><subfield code="c">Jefferson</subfield><subfield code="d">Steubenville.</subfield></datafield><datafield ind1="0" ind2="0" tag="780"><subfield code="t">Western herald &amp; Steubenville gazette (Steubenville, Ohio : 1817)</subfield><subfield code="w">(DLC)sn 83045519</subfield></datafield><datafield ind1="0" ind2="0" tag="785"><subfield code="t">Weekly Steubenville herald</subfield><subfield code="w">(DLC)sn 84028796</subfield></datafield><datafield ind1="1" ind2=" " tag="029"><subfield code="a">AU@</subfield><subfield code="b">000025801127</subfield></datafield></record>